<record><leader>01478cam a2200385 i 4500</leader><controlfield tag="001">6786461</controlfield><controlfield tag="003">OCoLC</controlfield><controlfield tag="005">20150106115136.0</controlfield><controlfield tag="008">130906s2015    nyua     b    001 0 eng  </controlfield><datafield ind1=" " ind2=" " tag="010"><subfield code="a">  2013036158</subfield></datafield><datafield ind1="7" ind2=" " tag="016"><subfield code="a">016546927</subfield><subfield code="2">Uk</subfield></datafield><datafield ind1=" " ind2=" " tag="020"><subfield code="a">9780078028168 (alk. paper)</subfield></datafield><datafield ind1=" " ind2=" " tag="020"><subfield code="a">0078028167 (alk. paper)</subfield></datafield><datafield ind1=" " ind2=" " tag="035"><subfield code="a">ocn857754250</subfield></datafield><datafield ind1=" " ind2=" " tag="040"><subfield code="a">DLC</subfield><subfield code="b">eng</subfield><subfield code="e">rda</subfield><subfield code="c">DLC</subfield><subfield code="d">YDX</subfield><subfield code="d">OCLCO</subfield><subfield code="d">UKMGB</subfield><subfield code="d">CHVBK</subfield><subfield code="d">YDXCP</subfield><subfield code="d">CDX</subfield><subfield code="d">OCLCF</subfield><subfield code="d">UAB</subfield></datafield><datafield ind1=" " ind2=" " tag="042"><subfield code="a">pcc</subfield></datafield><datafield ind1="0" ind2="0" tag="050"><subfield code="a">TK7874</subfield><subfield code="b">.F677 2015</subfield></datafield><datafield ind1="0" ind2="0" tag="082"><subfield code="a">621.3815</subfield><subfield code="2">23</subfield></datafield><datafield ind1=" " ind2=" " tag="090"><subfield code="a">TK 7874 F825 2015</subfield><subfield code="b">AEU</subfield></datafield><datafield ind1="1" ind2=" " tag="100"><subfield code="a">Franco, Sergio,</subfield><subfield code="e">author.</subfield></datafield><datafield ind1="1" ind2="0" tag="245"><subfield code="a">Design with operational amplifiers and analog integrated circuits /</subfield><subfield code="c">Sergio Franco (San Francisco State University).</subfield></datafield><datafield ind1=" " ind2=" " tag="250"><subfield code="a">Fourth edition.</subfield></datafield><datafield ind1=" " ind2="1" tag="264"><subfield code="a">New York, NY :</subfield><subfield code="b">McGraw-Hill Education,</subfield><subfield code="c">[2015]</subfield></datafield><datafield ind1=" " ind2=" " tag="300"><subfield code="a">xv, 715 pages :</subfield><subfield code="b">illustrations ;</subfield><subfield code="c">24 cm</subfield></datafield><datafield ind1=" " ind2=" " tag="336"><subfield code="a">text</subfield><subfield code="2">rdacontent</subfield></datafield><datafield ind1=" " ind2=" " tag="337"><subfield code="a">unmediated</subfield><subfield code="2">rdamedia</subfield></datafield><datafield ind1=" " ind2=" " tag="338"><subfield code="a">volume</subfield><subfield code="2">rdacarrier</subfield></datafield><datafield ind1="1" ind2=" " tag="490"><subfield code="a">[McGraw-Hill series in electrical and computer engineering]</subfield></datafield><datafield ind1=" " ind2=" " tag="504"><subfield code="a">Includes bibliographical references and index.</subfield></datafield><datafield ind1=" " ind2=" " tag="596"><subfield code="a">48</subfield></datafield><datafield ind1=" " ind2="0" tag="650"><subfield code="a">Linear integrated circuits.</subfield></datafield><datafield ind1=" " ind2="0" tag="650"><subfield code="a">Operational amplifiers.</subfield></datafield><datafield ind1=" " ind2="0" tag="830"><subfield code="a">McGraw-Hill series in electrical and computer engineering.</subfield></datafield><datafield ind1=" " ind2=" " tag="949"><subfield code="a">TK 7874 F825 2015</subfield><subfield code="c">1</subfield><subfield code="h">UASC-B</subfield><subfield code="i">0162035221033</subfield></datafield><datafield ind1=" " ind2=" " tag="926"><subfield code="a">TK 7874 F825 2015</subfield><subfield code="w">LC</subfield><subfield code="c">1</subfield><subfield code="i">0162035221033</subfield><subfield code="d">1/27/2017</subfield><subfield code="e">1/27/2017</subfield><subfield code="k">CHECKEDOUT</subfield><subfield code="l">ON_SHELF</subfield><subfield code="m">UASCITECH</subfield><subfield code="n">5</subfield><subfield code="p">$150.00</subfield><subfield code="r">M</subfield><subfield code="s">Y</subfield><subfield code="t">BOOK</subfield><subfield code="u">1/21/2015</subfield></datafield></record>